{"symbol":"BODENSOL","side":"BUY","qty":1,"price":0.002354423882353753,"slippage":4.2388235375282607e-7,"latency":84000000,"ts":"2025-10-04T02:49:31.421772-04:00"}
{"symbol":"WIFSOL","side":"BUY","qty":1,"price":0.0002441873315857422,"slippage":8.733158574219537e-8,"latency":59000000,"ts":"2025-10-04T02:49:31.489581-04:00"}
{"symbol":"BWHSOL","side":"BUY","qty":0.5659062193547771,"price":0.00009444491722960125,"slippage":4.917229601253924e-9,"latency":82000000,"ts":"2025-10-04T02:49:33.655895-04:00"}
{"symbol":"BWHSOL","side":"BUY","qty":0.07160073517495305,"price":0.00009445024910370169,"slippage":1.0249103701690833e-8,"latency":88000000,"ts":"2025-10-04T02:49:33.661896-04:00"}
{"symbol":"BWHSOL","side":"BUY","qty":0.36249304547026984,"price":0.0000944321387844909,"slippage":-7.861215509092192e-9,"latency":21000000,"ts":"2025-10-04T02:49:33.594897-04:00"}
{"symbol":"MASKSOL","side":"BUY","qty":1,"price":0.004791878814011397,"slippage":-0.0000021211859886028847,"latency":73000000,"ts":"2025-10-04T02:49:33.723274-04:00"}
{"symbol":"PEPESOL","side":"BUY","qty":1,"price":0.001256265743945298,"slippage":2.6574394529810426e-7,"latency":53000000,"ts":"2025-10-04T02:49:33.808405-04:00"}
{"symbol":"PEPESOL","side":"SELL","qty":1,"price":0.000005292919573082867,"slippage":1.9195730828674496e-9,"latency":3000000,"ts":"2025-10-04T02:49:33.846394-04:00"}
{"symbol":"WIFESOL","side":"BUY","qty":1,"price":0.0005828830558085054,"slippage":8.305580850539226e-8,"latency":0,"ts":"2025-10-04T02:49:34.121687-04:00"}
{"symbol":"PEPESOL","side":"BUY","qty":0.4918280321774517,"price":0.0012560199441803736,"slippage":1.9944180373616255e-8,"latency":84000000,"ts":"2025-10-04T02:49:35.655667-04:00"}
{"symbol":"PEPESOL","side":"BUY","qty":0.5081719678225483,"price":0.0012558384251451968,"slippage":-1.6157485480312352e-7,"latency":78000000,"ts":"2025-10-04T02:49:35.649668-04:00"}
{"symbol":"PEPESOL","side":"SELL","qty":0.43646726138314834,"price":0.000005293566901989245,"slippage":2.566901989245422e-9,"latency":56000000,"ts":"2025-10-04T02:49:35.654787-04:00"}
{"symbol":"PEPESOL","side":"SELL","qty":0.5635327386168516,"price":0.000005290965606618886,"slippage":-3.439338111372144e-11,"latency":126000000,"ts":"2025-10-04T02:49:35.724788-04:00"}
{"symbol":"WIFSOL","side":"SELL","qty":1,"price":0.00024415387649614817,"slippage":5.387649614817052e-8,"latency":35000000,"ts":"2025-10-04T02:49:43.793784-04:00"}
{"symbol":"PEPESOL","side":"BUY","qty":0.22535182641305454,"price":0.0012985079601909382,"slippage":-4.920398090618033e-7,"latency":78000000,"ts":"2025-10-04T02:50:13.722714-04:00"}
{"symbol":"PEPESOL","side":"BUY","qty":0.7746481735869455,"price":0.0012992276069100086,"slippage":2.276069100085737e-7,"latency":112000000,"ts":"2025-10-04T02:50:13.756715-04:00"}
{"symbol":"WIFSOL","side":"BUY","qty":614502.2531749284,"price":0.00024399718379123242,"slippage":-1.0281620876757239e-7,"latency":80000000,"ts":"2025-10-04T03:02:08.47762-04:00"}
{"symbol":"MASKSOL","side":"BUY","qty":5455.208398558655,"price":0.0046910326868950265,"slippage":0.000002032686895026871,"latency":79000000,"ts":"2025-10-04T03:02:10.735923-04:00"}
{"symbol":"MASKSOL","side":"BUY","qty":6136.438760936995,"price":0.00468851705999213,"slippage":-4.829400078697199e-7,"latency":37000000,"ts":"2025-10-04T03:02:10.693923-04:00"}
{"symbol":"MASKSOL","side":"BUY","qty":20398.116116256115,"price":0.004688797651247815,"slippage":-2.0234875218461124e-7,"latency":70000000,"ts":"2025-10-04T03:02:10.726923-04:00"}
{"symbol":"WIFESOL","side":"BUY","qty":257378.17433081675,"price":0.0005828116764152477,"slippage":1.1676415247771459e-8,"latency":26000000,"ts":"2025-10-04T03:02:11.326213-04:00"}
{"symbol":"WIFESOL","side":"BUY","qty":171585.44955387787,"price":0.0005826749283971921,"slippage":-1.2507160280790085e-7,"latency":68000000,"ts":"2025-10-04T03:02:12.766318-04:00"}
{"symbol":"BODENSOL","side":"BUY","qty":63884.15672913118,"price":0.0023478535396177017,"slippage":-1.4646038229816985e-7,"latency":1000000,"ts":"2025-10-04T03:12:43.095033-04:00"}
{"symbol":"WIFSOL","side":"BUY","qty":614502.2531749284,"price":0.0002441733420955358,"slippage":7.334209553580225e-8,"latency":149000000,"ts":"2025-10-04T03:12:43.336281-04:00"}
{"symbol":"BODENSOL","side":"BUY","qty":42589.43781942079,"price":0.002347726485740174,"slippage":-2.7351425982598265e-7,"latency":15000000,"ts":"2025-10-04T03:12:45.24036-04:00"}
{"symbol":"MASKSOL","side":"BUY","qty":29021.380823439307,"price":0.004631311300450204,"slippage":-6.886995497961193e-7,"latency":52000000,"ts":"2025-10-04T03:12:45.355524-04:00"}
{"symbol":"MASKSOL","side":"BUY","qty":3362.038865679864,"price":0.004631092898114428,"slippage":-9.07101885571672e-7,"latency":22000000,"ts":"2025-10-04T03:12:45.325525-04:00"}
{"symbol":"PEPESOL","side":"BUY","qty":114242.19345011425,"price":0.0013126754047699514,"slippage":-3.2459523004852407e-7,"latency":135000000,"ts":"2025-10-04T03:12:45.543669-04:00"}
{"symbol":"BODENSOL","side":"SELL","qty":106473.59454855198,"price":0.0023489026537861397,"slippage":9.026537861399168e-7,"latency":56000000,"ts":"2025-10-04T03:12:45.545926-04:00"}
{"symbol":"WIFSOL","side":"SELL","qty":228261.30716581314,"price":0.00024417081551193824,"slippage":7.081551193824343e-8,"latency":27000000,"ts":"2025-10-04T03:12:45.517055-04:00"}
{"symbol":"WIFSOL","side":"SELL","qty":96474.51475813285,"price":0.00024414353536576983,"slippage":4.3535365769836005e-8,"latency":130000000,"ts":"2025-10-04T03:12:45.620057-04:00"}
{"symbol":"WIFSOL","side":"SELL","qty":289766.4312509824,"price":0.00024399152096088846,"slippage":-1.0847903911153961e-7,"latency":143000000,"ts":"2025-10-04T03:12:45.633057-04:00"}
{"symbol":"MASKSOL","side":"SELL","qty":15755.513690386606,"price":0.004631609830209464,"slippage":-3.9016979053608375e-7,"latency":1000000,"ts":"2025-10-04T03:12:45.491148-04:00"}
{"symbol":"MASKSOL","side":"SELL","qty":16627.905998732567,"price":0.004633506648067269,"slippage":0.0000015066480672691965,"latency":15000000,"ts":"2025-10-04T03:12:45.505148-04:00"}
{"symbol":"PEPESOL","side":"SELL","qty":114242.19345011425,"price":0.000005289369638779563,"slippage":-1.6303612204365473e-9,"latency":140000000,"ts":"2025-10-04T03:12:45.6302-04:00"}
{"symbol":"BODENSOL","side":"BUY","qty":63884.15672913118,"price":0.0023473882523884024,"slippage":-6.117476115973831e-7,"latency":21000000,"ts":"2025-10-04T03:13:16.997909-04:00"}
{"symbol":"WIFSOL","side":"BUY","qty":614502.2531749284,"price":0.00024404805611508116,"slippage":-5.19438849188366e-8,"latency":143000000,"ts":"2025-10-04T03:13:17.210539-04:00"}
{"symbol":"MASKSOL","side":"BUY","qty":32383.41968911917,"price":0.0046310825906779604,"slippage":-9.174093220393892e-7,"latency":29000000,"ts":"2025-10-04T03:13:19.233281-04:00"}
{"symbol":"PEPESOL","side":"BUY","qty":114242.19345011425,"price":0.0013130991730341214,"slippage":9.917303412146881e-8,"latency":25000000,"ts":"2025-10-04T03:13:19.322888-04:00"}
{"symbol":"BODENSOL","side":"SELL","qty":34220.3782543736,"price":0.0023481356682732014,"slippage":1.3566827320159874e-7,"latency":9000000,"ts":"2025-10-04T03:13:19.393184-04:00"}
{"symbol":"BODENSOL","side":"SELL","qty":29663.77847475758,"price":0.0023486533959637813,"slippage":6.533959637814932e-7,"latency":110000000,"ts":"2025-10-04T03:13:19.494184-04:00"}
{"symbol":"WIFSOL","side":"SELL","qty":614502.2531749284,"price":0.0002440716092522338,"slippage":-2.8390747766209078e-8,"latency":139000000,"ts":"2025-10-04T03:13:19.523291-04:00"}
{"symbol":"MASKSOL","side":"SELL","qty":32383.41968911917,"price":0.004632153990837646,"slippage":1.53990837646438e-7,"latency":125000000,"ts":"2025-10-04T03:13:19.509314-04:00"}
{"symbol":"PEPESOL","side":"SELL","qty":44752.66811367781,"price":0.0000052934544772068464,"slippage":2.4544772068466235e-9,"latency":42000000,"ts":"2025-10-04T03:13:19.426332-04:00"}
{"symbol":"PEPESOL","side":"SELL","qty":69489.52533643643,"price":0.000005291122410820911,"slippage":1.2241082091128268e-10,"latency":44000000,"ts":"2025-10-04T03:13:19.428333-04:00"}
{"symbol":"BODENSOL","side":"BUY","qty":11159.069611087052,"price":0.0023488455696267694,"slippage":8.455696267695503e-7,"latency":85000000,"ts":"2025-10-04T03:17:32.981215-04:00"}
{"symbol":"BODENSOL","side":"BUY","qty":8270.763239293548,"price":0.0023488810054778163,"slippage":8.810054778164364e-7,"latency":96000000,"ts":"2025-10-04T03:17:32.992215-04:00"}
{"symbol":"BODENSOL","side":"BUY","qty":1864.886059329794,"price":0.0023473047834203543,"slippage":-6.952165796454864e-7,"latency":141000000,"ts":"2025-10-04T03:17:33.037215-04:00"}
{"symbol":"WIFSOL","side":"BUY","qty":204834.08439164277,"price":0.00024413923984675657,"slippage":3.923984675656845e-8,"latency":37000000,"ts":"2025-10-04T03:17:33.032049-04:00"}
{"symbol":"WIFESOL","side":"BUY","qty":85792.72477693892,"price":0.0005826430231244351,"slippage":-1.5697687556488586e-7,"latency":49000000,"ts":"2025-10-04T03:17:35.618817-04:00"}
{"symbol":"WIFSOL","side":"BUY","qty":204834.08439164277,"price":0.00024402155079781548,"slippage":-7.844920218451801e-8,"latency":70000000,"ts":"2025-10-04T03:17:35.685369-04:00"}
{"symbol":"BODENSOL","side":"BUY","qty":10961.18421652356,"price":0.0023485959217269367,"slippage":5.959217269368988e-7,"latency":74000000,"ts":"2025-10-04T03:17:37.129554-04:00"}
{"symbol":"BODENSOL","side":"BUY","qty":2000.905249678314,"price":0.002348351658357964,"slippage":3.516583579640624e-7,"latency":71000000,"ts":"2025-10-04T03:17:37.126555-04:00"}
{"symbol":"WIFESOL","side":"BUY","qty":85792.72477693892,"price":0.0005827501506050244,"slippage":-4.9849394975591543e-8,"latency":148000000,"ts":"2025-10-04T03:17:37.435289-04:00"}
{"symbol":"BODENSOL","side":"SELL","qty":34256.80837591227,"price":0.0023487283238464644,"slippage":7.283238464645889e-7,"latency":91000000,"ts":"2025-10-04T03:17:37.436118-04:00"}
{"symbol":"WIFSOL","side":"SELL","qty":114802.16429783567,"price":0.00024398894605851874,"slippage":-1.110539414812589e-7,"latency":144000000,"ts":"2025-10-04T03:17:37.489176-04:00"}
{"symbol":"WIFSOL","side":"SELL","qty":242406.89753227594,"price":0.0002440268723276002,"slippage":-7.312767239979001e-8,"latency":18000000,"ts":"2025-10-04T03:17:37.363176-04:00"}
{"symbol":"WIFSOL","side":"SELL","qty":52459.106953173934,"price":0.00024418399563203025,"slippage":8.399563203024987e-8,"latency":99000000,"ts":"2025-10-04T03:17:37.444176-04:00"}
{"symbol":"WIFESOL","side":"SELL","qty":171585.44955387784,"price":0.0005828973370240939,"slippage":9.73370240939719e-8,"latency":74000000,"ts":"2025-10-04T03:17:37.419216-04:00"}
{"symbol":"BODENSOL","side":"BUY","qty":21294.718909710395,"price":0.002348780813099018,"slippage":7.808130990183751e-7,"latency":142000000,"ts":"2025-10-04T03:18:29.367556-04:00"}
{"symbol":"WIFSOL","side":"BUY","qty":110236.06166232655,"price":0.0002440078304154871,"slippage":-9.216958451289405e-8,"latency":141000000,"ts":"2025-10-04T03:18:29.466566-04:00"}
{"symbol":"WIFSOL","side":"BUY","qty":20954.961937770884,"price":0.0002442118467946873,"slippage":1.1184679468730758e-7,"latency":14000000,"ts":"2025-10-04T03:18:29.339567-04:00"}
{"symbol":"WIFSOL","side":"BUY","qty":73643.06079154534,"price":0.00024398650122679715,"slippage":-1.1349877320285121e-7,"latency":51000000,"ts":"2025-10-04T03:18:29.376567-04:00"}
{"symbol":"WIFESOL","side":"BUY","qty":85792.72477693892,"price":0.0005829678483250251,"slippage":1.67848325025163e-7,"latency":23000000,"ts":"2025-10-04T03:18:31.898938-04:00"}
{"symbol":"WIFSOL","side":"BUY","qty":204834.08439164277,"price":0.00024406744866407328,"slippage":-3.2551335926717237e-8,"latency":110000000,"ts":"2025-10-04T03:18:32.02395-04:00"}
{"symbol":"WIFESOL","side":"BUY","qty":85792.72477693892,"price":0.0005826289761061325,"slippage":-1.7102389386744379e-7,"latency":150000000,"ts":"2025-10-04T03:18:33.735924-04:00"}
{"symbol":"BODENSOL","side":"SELL","qty":21294.718909710395,"price":0.0023486550431197155,"slippage":6.550431197157106e-7,"latency":15000000,"ts":"2025-10-04T03:18:33.637668-04:00"}
{"symbol":"WIFSOL","side":"SELL","qty":409668.16878328554,"price":0.00024410718924586868,"slippage":7.189245868679259e-9,"latency":70000000,"ts":"2025-10-04T03:18:33.692792-04:00"}
{"symbol":"WIFESOL","side":"SELL","qty":171585.44955387784,"price":0.0005827504403674476,"slippage":-4.955963255233453e-8,"latency":41000000,"ts":"2025-10-04T03:18:33.663909-04:00"}
{"symbol":"BODENSOL_UMKJG5","side":"BUY","qty":21294.718909710395,"price":0.002347650207105291,"slippage":-3.497928947088398e-7,"latency":130000000,"ts":"2025-10-04T03:28:23.750714-04:00"}
{"symbol":"WIFSOL_2DTBJ7","side":"BUY","qty":204834.08439164277,"price":0.00024404715961213636,"slippage":-5.284038786363375e-8,"latency":60000000,"ts":"2025-10-04T03:28:23.782792-04:00"}
{"symbol":"BODENSOL_UMKJG5","side":"BUY","qty":21294.718909710395,"price":0.002347903080993358,"slippage":-9.691900664183031e-8,"latency":101000000,"ts":"2025-10-04T03:28:25.86163-04:00"}
{"symbol":"PEPESOL39LYAP_39LYAP","side":"BUY","qty":39432.176656151416,"price":0.0012681937296374264,"slippage":1.9372963742632712e-7,"latency":108000000,"ts":"2025-10-04T03:28:26.067967-04:00"}
{"symbol":"PEPESOLDFPHXE_DFPHXE","side":"BUY","qty":39308.17610062893,"price":0.0012720270913654,"slippage":2.70913654001545e-8,"latency":137000000,"ts":"2025-10-04T03:28:26.17528-04:00"}
{"symbol":"PEPESOLMYHHZN_MYHHZN","side":"BUY","qty":46904.31519699812,"price":0.0010659137148398869,"slippage":-8.628516011324056e-8,"latency":63000000,"ts":"2025-10-04T03:28:26.177388-04:00"}
{"symbol":"PEPESOLUN1NXV_UN1NXV","side":"BUY","qty":9450009.45000945,"price":0.00000528869339504441,"slippage":-2.3066049555901604e-9,"latency":73000000,"ts":"2025-10-04T03:28:26.267418-04:00"}
{"symbol":"WIFESOLREGYFZ_REGYFZ","side":"BUY","qty":87873.46221441125,"price":0.0005691148217100402,"slippage":1.1482171004024034e-7,"latency":55000000,"ts":"2025-10-04T03:28:26.339753-04:00"}
{"symbol":"PEPESOL39LYAP_39LYAP","side":"BUY","qty":39432.176656151416,"price":0.0012679783871127092,"slippage":-2.1612887290837005e-8,"latency":137000000,"ts":"2025-10-04T03:28:27.973872-04:00"}
{"symbol":"PEPESOLMYHHZN_MYHHZN","side":"BUY","qty":46904.31519699812,"price":0.001065799290079267,"slippage":-2.00709920733207e-7,"latency":76000000,"ts":"2025-10-04T03:28:27.991862-04:00"}
{"symbol":"WIFESOLREGYFZ_REGYFZ","side":"BUY","qty":87873.46221441125,"price":0.0005687505611597248,"slippage":-2.494388402751171e-7,"latency":76000000,"ts":"2025-10-04T03:28:28.062368-04:00"}
{"symbol":"WIFSOL_2DTBJ7","side":"BUY","qty":204834.08439164277,"price":0.0002440868547055763,"slippage":-1.3145294423697008e-8,"latency":127000000,"ts":"2025-10-04T03:28:28.152876-04:00"}
{"symbol":"PEPESOLUN1NXV_UN1NXV","side":"BUY","qty":4171123.230941375,"price":0.000005288678659231525,"slippage":-2.321340768474745e-9,"latency":23000000,"ts":"2025-10-04T03:28:29.966526-04:00"}
{"symbol":"PEPESOLUN1NXV_UN1NXV","side":"BUY","qty":5278886.2190680755,"price":0.0000052902969761813,"slippage":-7.030238187000199e-10,"latency":38000000,"ts":"2025-10-04T03:28:29.981526-04:00"}
{"symbol":"WIFESOLREGYFZ_REGYFZ","side":"BUY","qty":8.36981911289044e-12,"price":0.0005687622762688602,"slippage":-2.377237311397334e-7,"latency":53000000,"ts":"2025-10-04T03:28:30.028544-04:00"}
{"symbol":"PEPESOL39LYAP_39LYAP","side":"BUY","qty":3.91750105225363e-12,"price":0.0012676136296880275,"slippage":-3.8637031197249865e-7,"latency":124000000,"ts":"2025-10-04T03:28:31.964059-04:00"}
{"symbol":"PEPESOL39LYAP_39LYAP","side":"BUY","qty":1.4321195329396292e-12,"price":0.0012676493410596673,"slippage":-3.5065894033272683e-7,"latency":22000000,"ts":"2025-10-04T03:28:31.862059-04:00"}
{"symbol":"PEPESOLUN1NXV_UN1NXV","side":"BUY","qty":1.0594235562115821e-11,"price":0.000005290996044959856,"slippage":-3.955040143485526e-12,"latency":110000000,"ts":"2025-10-04T03:28:32.053363-04:00"}
{"symbol":"WIFESOLREGYFZ_REGYFZ","side":"BUY","qty":8.36981911289044e-12,"price":0.0005687829887320742,"slippage":-2.1701126792577578e-7,"latency":65000000,"ts":"2025-10-04T03:28:32.044311-04:00"}
{"symbol":"PEPESOL39LYAP_39LYAP","side":"BUY","qty":3.4738973514303553e-12,"price":0.0012674168819600067,"slippage":-5.831180399933251e-7,"latency":10000000,"ts":"2025-10-04T03:28:33.836567-04:00"}
{"symbol":"PEPESOLDFPHXE_DFPHXE","side":"BUY","qty":20367.345423698556,"price":0.0012720440381230537,"slippage":4.403812305380124e-8,"latency":122000000,"ts":"2025-10-04T03:28:36.005682-04:00"}
{"symbol":"PEPESOLMYHHZN_MYHHZN","side":"BUY","qty":3.0480504755672906e-14,"price":0.001065722824931502,"slippage":-2.77175068498026e-7,"latency":5000000,"ts":"2025-10-04T03:28:35.92648-04:00"}
{"symbol":"PEPESOLUN1NXV_UN1NXV","side":"BUY","qty":4.11635073423587e-12,"price":0.000005290670875778155,"slippage":-3.2912422184470746e-10,"latency":26000000,"ts":"2025-10-04T03:28:35.987986-04:00"}
{"symbol":"WIFESOLREGYFZ_REGYFZ","side":"BUY","qty":8.36981911289044e-12,"price":0.0005687531915058363,"slippage":-2.468084941636235e-7,"latency":23000000,"ts":"2025-10-04T03:28:36.016774-04:00"}
{"symbol":"PEPESOL39LYAP_39LYAP","side":"BUY","qty":5.349620585193259e-12,"price":0.0012674689743474594,"slippage":-5.310256525406509e-7,"latency":7000000,"ts":"2025-10-04T03:28:37.83115-04:00"}
{"symbol":"PEPESOLUN1NXV_UN1NXV","side":"BUY","qty":1.0594235562115821e-11,"price":0.000005290273984142811,"slippage":-7.260158571887441e-10,"latency":50000000,"ts":"2025-10-04T03:28:37.97759-04:00"}
{"symbol":"PEPESOL39LYAP_39LYAP","side":"BUY","qty":5.349620585193259e-12,"price":0.0012679701249818235,"slippage":-2.987501817653705e-8,"latency":51000000,"ts":"2025-10-04T03:28:39.885012-04:00"}
{"symbol":"PEPESOLMYHHZN_MYHHZN","side":"BUY","qty":8.489595007418286e-14,"price":0.0010659693705095102,"slippage":-3.062949048993763e-8,"latency":35000000,"ts":"2025-10-04T03:28:39.938876-04:00"}
{"symbol":"WIFESOLREGYFZ_REGYFZ","side":"BUY","qty":5.10460997831658e-12,"price":0.0005687283305646606,"slippage":-2.716694353393405e-7,"latency":89000000,"ts":"2025-10-04T03:28:40.063375-04:00"}
{"symbol":"PEPESOLDFPHXE_DFPHXE","side":"BUY","qty":18940.830676930378,"price":0.001271480753584593,"slippage":-5.192464154069997e-7,"latency":69000000,"ts":"2025-10-04T03:28:41.933954-04:00"}
{"symbol":"PEPESOLUN1NXV_UN1NXV","side":"BUY","qty":1.0594235562115821e-11,"price":0.000005288657096943977,"slippage":-2.342903056023026e-9,"latency":150000000,"ts":"2025-10-04T03:28:42.094849-04:00"}
{"symbol":"PEPESOL39LYAP_39LYAP","side":"BUY","qty":5.349620585193259e-12,"price":0.0012674658836719077,"slippage":-5.341163280922923e-7,"latency":46000000,"ts":"2025-10-04T03:28:43.887992-04:00"}
{"symbol":"PEPESOLDFPHXE_DFPHXE","side":"BUY","qty":5.729924371341949e-12,"price":0.0012717775233909332,"slippage":-2.2247660906669214e-7,"latency":29000000,"ts":"2025-10-04T03:28:43.904722-04:00"}
{"symbol":"PEPESOLUN1NXV_UN1NXV","side":"BUY","qty":3.4374995357697934e-12,"price":0.000005288607907070124,"slippage":-2.3920929298760273e-9,"latency":8000000,"ts":"2025-10-04T03:28:43.954095-04:00"}
{"symbol":"WIFESOLREGYFZ_REGYFZ","side":"BUY","qty":8.36981911289044e-12,"price":0.0005687811386894215,"slippage":-2.1886131057848642e-7,"latency":89000000,"ts":"2025-10-04T03:28:44.067279-04:00"}
{"symbol":"WIFSOL_2DTBJ7","side":"BUY","qty":4.548059361476362e-12,"price":0.00024403477278260306,"slippage":-6.522721739693634e-8,"latency":119000000,"ts":"2025-10-04T03:28:44.128864-04:00"}
